@article{BawdenRobinson,
    author={Bawden, D and Robinson, L},
    year={2024},
    journal={Knjižnica: revija za področje bibliotekarstva in informacijske znanosti},
    title={Open science roles for libraries: International perspectives and examples},
    volume={68},
    number={2-3},
    pages={67-85},
    url={https://doi.org/10.55741/knj.68.2-3.4},
}

@article{DoroticMalic,
    author={Dorotić Malič, I and Turk, B and Krišković Baždarić, J},
    year={2023},
    title={Uloga Sveučilišne knjižnice Rijeka u promicanju otvorene znanosti},
    journal={Bosniaca: časopis Nacionalne i univerzitetske biblioteke Bosne i Hercegovine},
    volume={28},
    number={28},
    pages={186-201},
    url={https://doi.org/10.37083/bosn.2023.28.186},
}

@article{Grand,
    author={Grand, A and Wilkinson, C and Bultitude, K and Winfield, A F T},
    year={2016},
    title={Mapping the hinterland: Data issues in open science},
    journal={Public Understanding of Science},
    volume={25},
    number={1},
    pages={88-103},
    url={https://doi.org/10.1177/0963662514530374},
}

@article{Liu,
    author={Liu, L and Liu, W},
    year={2023},
    title={The engagement of academic libraries in open science: A systematic review},
    journal={The Journal of Academic Librarianship},
    volume={49},
    number={3},
    pages={102711},
    url={https://doi.org/10.1016/j.acalib.2023.102711},
}

@article{Pusnik,
    author={Pušnik, M and Legat, D},
    year={2024},
    title={Znanstveno komuniciranje, odprta znanost in knjižnice: beseda gostujočih urednikov},
    journal={Knjižnica: revija za področje bibliotekarstva in informacijske znanosti},
    volume={68},
    number={2-3},
    pages={13-27},
    url={https://doi.org/10.55741/knj.68.2-3.2},
}

@article{Tzanova,
    author={Tzanova, S},
    year={2020},
    title={Changes in academic libraries in the era of Open Science},
    journal={Education for Information},
    volume={36},
    number={3},
    pages={281-299},
    url={https://doi.org/10.3233/EFI-190259},
}

@online{EuropeanCommission,
    author = "{European Commission}",
    title = {Open science},
    url  = {https://research-and-innovation.ec.europa.eu/strategy/strategy-research-and-innovation/our-digital-future/open-science_en},
    urldate = {2024-12-19},
}

@online{Minutephysics,
    author = "{Minutephysics}",
    date = {2017-10-17},
    title = {Simpson's Paradox},
    note = {video},
    url  = {https://www.youtube.com/watch?v=ebEkn-BiW5k},
}